<record><leader>00000cas a2200000 a 4500</leader><controlfield tag="001">35810676</controlfield><controlfield tag="008">961029d18861904miuwr ne      0    0eng c</controlfield><datafield ind1=" " ind2=" " tag="010"><subfield code="a">sn 96077217 </subfield></datafield><datafield ind1=" " ind2=" " tag="040"><subfield code="a">MHN</subfield><subfield code="b">eng</subfield><subfield code="c">MHN</subfield><subfield code="d">OCL</subfield><subfield code="d">OCLCQ</subfield><subfield code="d">OCLCF</subfield><subfield code="d">OCLCO</subfield></datafield><datafield ind1="1" ind2=" " tag="029"><subfield code="a">AU@</subfield><subfield code="b">000012911127</subfield></datafield><datafield ind1=" " ind2=" " tag="042"><subfield code="a">pcc</subfield></datafield><datafield ind1=" " ind2=" " tag="043"><subfield code="a">n-us-mi</subfield></datafield><datafield ind1="0" ind2="4" tag="245"><subfield code="a">The Manistee times-sentinel.</subfield></datafield><datafield ind1=" " ind2=" " tag="260"><subfield code="a">Manistee, Mich. :</subfield><subfield code="b">Hilton &amp; Madison</subfield></datafield><datafield ind1=" " ind2=" " tag="300"><subfield code="a">v.</subfield></datafield><datafield ind1=" " ind2=" " tag="310"><subfield code="a">Weekly</subfield></datafield><datafield ind1="1" ind2=" " tag="362"><subfield code="a">Began in 1886; ceased in 1904?</subfield></datafield><datafield ind1=" " ind2=" " tag="580"><subfield code="a">Formed by the union of: Manistee weekly times, and: Manistee sentinel.</subfield></datafield><datafield ind1=" " ind2=" " tag="588"><subfield code="a">Description based on: Vol. 26, no. 2 (Feb. 7, 1890) = whole no. 1099.</subfield></datafield><datafield ind1=" " ind2="0" tag="651"><subfield code="a">Manistee (Mich.)</subfield><subfield code="v">Newspapers.</subfield></datafield><datafield ind1=" " ind2="0" tag="651"><subfield code="a">Manistee County (Mich.)</subfield><subfield code="v">Newspapers.</subfield></datafield><datafield ind1=" " ind2="7" tag="655"><subfield code="a">Newspapers.</subfield><subfield code="2">fast</subfield><subfield code="0">(OCoLC)fst01423814</subfield></datafield><datafield ind1=" " ind2="7" tag="651"><subfield code="a">Michigan</subfield><subfield code="z">Manistee.</subfield><subfield code="2">fast</subfield><subfield code="0">(OCoLC)fst01227986</subfield></datafield><datafield ind1=" " ind2="7" tag="651"><subfield code="a">Michigan</subfield><subfield code="z">Manistee County.</subfield><subfield code="2">fast</subfield><subfield code="0">(OCoLC)fst01214770</subfield></datafield><datafield ind1=" " ind2=" " tag="752"><subfield code="a">United States</subfield><subfield code="b">Michigan</subfield><subfield code="c">Manistee</subfield><subfield code="d">Manistee.</subfield></datafield><datafield ind1="1" ind2="4" tag="780"><subfield code="t">Manistee weekly times</subfield><subfield code="w">(DLC)sn 96077216</subfield><subfield code="w">(OCoLC)35810523</subfield></datafield><datafield ind1="1" ind2="4" tag="780"><subfield code="t">Manistee sentinel</subfield><subfield code="w">(DLC)sn 00062627</subfield><subfield code="w">(OCoLC)45348811</subfield></datafield></record>